@misc{1,
author = {Ximena Gonz\'alez},
title = {Telemedicina, acceso ma\'as f\'acil a los servicios de salud por parte de todos los usuarios},
howpublished = {LR La republica},
note = {\url{https://www.larepublica.co}}
}

@misc{2,
author = {Ministerio de salud y protecci\'on social},
title = {},
howpublished = {},
note = {\url{https://www.minsalud.gov.co}}
}


@misc{3,
author = {Pontificia Universidad Javeriana Cali},
title = {Sistema incentivo respiratorio para expansi\'on pulmonar en pacientes con covid 19 Fase-I},
howpublished = {Informe de ejecuci\'on del proyecto},
note = {}
}


@misc{4,
author = {OMS},
title = {Marco de implementaci\'on de un servicio de telemedicina},
howpublished = {},
note = {\url{http://www.codajic.org/sites/www.codajic.org}}
}


@misc{5,
author = {Organizaci\'on Panamericana de la Salud},
title = {Marco de Implementaci\'on de un Servicio de Telemedicina (2016)},
howpublished = {Organizaci\'on Mundial de la Salud},
note = {Organizaci\'on Mundial de la Salud, Cat. 4 Health Systems.  Oficina Regional para las Am\'ericas. ISBN}
}

@misc{6,
author = {Todd, Catherine S.; Mills, Stephen J.; Innes Anh L},
title = {Electronic health, Telemedicine, and new Paradigms for training and Care (2017 September)},
howpublished = {},
note = {Wolters Kluwer}
}


@misc{7,
author = {Diana Cristina Angarita Rodr\'iguez, Jorge Nicol\'as Castañeda Giaimo},
title = {Sobre la importancia de las aplicaciones m\'oviles o de dispositivos m\'oviles en fisioterapia. (2017)},
howpublished = {Revista Cubana de Informaci\'on en Ciencias de la Salud},
note = {}
}


@misc{8,
author = {Marta Lazzeri, Andrea Lanza, Raffaella Bellini, Angela Bellofiore, Simone Cecchetto, Alessia Colombo, Francesco D Abrosca, Cesare Del Monaco, Giuseppe Gaudiello, Mara Paneroni, Emilia Privitera, Mariangela Retucci, Veronica Rossi, Martina Santambrogio, Maurizio Sommariva and Pamela Frigerio.},
title = {Respiratory physiotherapy in patients with COVID-19 infection in acute setting: a Position Paper of the Italian Association of Respiratory Physiotherapists (ARIR) (2020).},
howpublished = { Monaldi Archives for Chest Disease,volume 90:1285},
note = {}
}



@misc{9,
author = {Yang LL, Yang T},
title = {Pulmonary Rehabilitation for Patients with Coronavirus Disease 2019 (COVID-19), Chronic Diseases and Translational Medicine (2020)},
howpublished = {},
note = {\url{https://doi.org/10.1016/j.cdtm.2020.05.002.}}
}


@misc{10,
author = {Aly Rafea, Khaled Wagih, Hasan Amin, Rokia El-Sabagh, and Samia Yousef.},
title = {Flow-oriented incentive spirometer versus volume-oriented spirometer training on pulmonary ventilation after upper abdominal surgery (2009).},
howpublished = {Egyptian Journal of Bronchology. 3(2):110-118},
note = {}
}


@misc{11,
author = {CM Dias, TR Placido, MFB Ferreira, FS Guimaraes, and SLS Menezes},
title = {Incentive spirometry and breath stacking: Effects on the inspiratory capacity of individuals submitted to abdominal surgery (2008).},
howpublished = {Revista Brasileira de Fisioterapia. 12(2):94-99. },
note = {}
}

@misc{12,
author = {Gomes, L. L., Oliveira, N. V., Tauil, L. M., Mattos, R. A., & Melo, P. L. },
title = {Instrumentation for respiratory flow estimation using tracheal sounds analysis: Design and evaluation in measurements of respiratory cycle periods and airflow amplitude. (2018).},
howpublished = {In Proceedings of IOP Journal of Physics: Conference series (pp. 1-7). },
note = {}
}


@misc{13,
author = {Rutkowski, S., Rutkowska, A., Kiper, P., Jastrzebski, D., Racheniuk, H., Turolla, A., Szczegielniak, J., & Casaburi, R},
title = {Virtual Reality Rehabilitation in Patients with Chronic Obstructive Pulmonary Disease: A Randomized Controlled Trial (2020).},
howpublished = {International journal of chronic obstructive pulmonary disease, 15, 117–124 },
note = {\url{https://doi.org}}
}


@misc{14,
author = {P. Clements and L. M. Northrop},
title = {Software Product Lines: Practices and Patterns, 1st ed (2001)},
howpublished = {Addison-Wesley Professional.},
note = {}
}

@misc{15,
author = {AVF Santos, LA Licursi, MF Amaral, A Cavalcanti and ZC Silveira},
title = {User-centered design of a customized assistive device to support feeding.  Procedia CIRP 84 (2019) 743-748},
howpublished = {},
note = {}
}

@misc{16,
author = {Ricardo Duarte, Michel Mesnard, Jean-Pierre Nadeau},
title = {An innovative design approach to develop external articular medical devices},
howpublished = {International Journal on Interactive Design and Manufacturing (2017) 11:375–383},
note = {}
}

@misc{17,
author = {Ricardo Chavarriaga, Maria Hurtado, Marcela Bolaños, Jose Loaiza, Juan Mayor, Manuel Valencia and Jaime Aguilar},
title = {Multidisciplinary design of suitable assistive technologies for motor disabilities in Colombia (2014)},
howpublished = {IEEE, Global Humanitarian Technology Conference, 386-390},
note = {}
}


@misc{18,
author = {Oscar Pedreira, F\'elix Garc\'ia, Mario Piattini, Alejandro Corti\~{n}as; Ana Cerdeira-Pena},
title = {An Architecture for Software Engineering Gamification (07 May 2020)},
howpublished = {IEEE, ieeexplore},
note = {\url{https://ieeexplore.ieee.org/stamp/stamp.jsp?tp=&arnumber=9087817}}
}


@misc{19,
author = {Oficina Regional. ISBN},
title = {Marco de Implementaci\'on de un Servicio de Telemedicina; Organizaci\'on Panamericana de la Salud; (2016)},
howpublished = {Organizaci\'on Mundial de la Salud, Cat. 4 Health Systems.},
note = {}
}


@misc{20,
author = {Todd, Catherine S.; Mills, Stephen J.; Innes Anh L,; (2017 September)},
title = {Electronic health, Telemedicine, and new Paradigms for training and Care},
howpublished = {Wolters Kluwer, 5 (12). doi: 10.1097/COH.0000000000000402},
note = {}
}

@misc{21,
author = {M. Maksimovic, V. Vujovic, B. Perisic, (2015)},
title = {A Custom Internet  of Things healthcare system},
howpublished = {10th Iberian Conference on Information Systems and Technologies (CSTI)},
note = {}
}

@misc{22,
author = {Neurotec},
title = {ESPIR\'OMETRO/INSPIR\'OMETRO},
howpublished = {P\'agina de productos Neurotec},
note = {\url{https://neurotec.es/}}
}


@misc{23,
author = {Aly Rafea, Khaled Wagih, Hasan Amin, Rokia El-Sabagh, Samia Yousef},
title = {Flow-oriented incentive spirometer versus volume-oriented spirometer training on pulmonary ventilation after upper abdominal surgery (2009)},
howpublished = {Egyptian Journal of Bronchology. 3(2):110-118},
note = {}
}


@misc{24,
author = {R. Goni-Viguria, E. Yoldi-Arzoz (RN), L. Casajús-Sola (MSc), T. Aquerreta-Larraya (RN), P. Fernández-Sangil (RN), E. Guzmán-Unamuno (RN) y B.M. Moyano-Berardo (RN)},
title = {Fisioterapia respiratoria en la unidad de cuidados intensivos: Revisi\'on bibliogr\'afica. (2018)},
howpublished = {Enfermer\'ia Intensiva},
note = {}
}


@misc{25,
author = {Ochoa Angrino, S., Aguilar Zambrano, J. A., Navarro Newball, A., Jaramillo Ram\'irez, A. y Henao Romero, L. (2013)},
title = {Dise\~{n}o de un escenario educativo para museos con el uso de TRIZ y ACT. Pensamiento Psicol\'ogico, 11(2), 71-88.},
howpublished = {},
note = {\url{http://www.scielo.org.co}}
}


@misc{26,
author = {Robert Shane LUTTRELL (2019)},
title = {Respiratory therapy instrument offering game-based incentives, training, and telemetry collection},
howpublished = {patents.google.com},
note = {\url{https://patents.google.com/patent/US10506950B2}}
}

@misc{27,
author = {Dwight Cheu, Michael DiCesare (2018)},
title = {Respiratory therapy device and system with integrated gaming capabilities and method of using the same},
howpublished = {patents.google.com},
note = {\url{https://patents.google.com/patent/US20190134460A1}}
}


@misc{28,
author = {www.statista.com},
title = {Distribution of coronavirus (COVID-19) cases in select countries worldwide as of November 9, 2020},
howpublished = {m},
note = {\url{https://www.statista.com/statistics/1111696/covid19-cases-percentage-by-country/}}
}


@misc{29,
author = {www.isglobal.org},
title = {Un nuevo coronavirus, una nueva epidemia, muchas incognitas Noviembre , 2020},
howpublished = {m},
note = {\url{https://www.isglobal.org/coronavirus.}}
}










